@misc{vimdoc,
    title = {Vimdoc},
    author = "{Vimdoc}",
    howpublished = {\url{http://vimdoc.sourceforge.net/htmldoc/spell.html}}
} 
